
@article{tuboy,
  author = {Tuboy, Aparecida M. et al.},
  author = {Milori, Débora M B P},
  author = {Carvalho, Flávio T},
  author = {Zillo, Sérgio T},
  author = {Bagnato, Vanderlei S},
  title = {{O Relógio Atômico Brasileiro. Disponível em: http://www.cepa.if.usp.br/e-fisica/mecanica/pesquisahoje/cap3/defaultframebaixo.htm. Acesso em: 24 de nov. 2017} },
  year = s.d.,
  url = {http://www.cepa.if.usp.br/e-fisica/mecanica/pesquisahoje/cap3/defaultframebaixo.htm},
  urldate = {2017-24-11}
}

@online{foundation,
  author = {Raspberry Pi Foundation},
  title = {{What is a Raspberry Pi?. Disponível em: https://www.raspberrypi.org/help/what-20is-a-raspberry-pi. Acesso em: 24 de nov. 2017}},
  year = s.d.,
  url = {https://www.raspberrypi.org/help/what-%20is-a-raspberry-pi/},
  urldate = {2017-24-11}
}

@online{ntp-br,
  author = {NTP.BR},
  title = {{NTP.BR, Disponível em: https://ntp.br/ntp.php. Acesso em: 24 de nov. 2017}},
  year = s.d.,
  url = {https://ntp.br/ntp.php},
  urldate = {2017-24-11}
}

@article{nayyar,
  author = {Nayyar, Anand},
  author = {Puri, Vikram},
  title = {{Raspberry Pi- A Small, Powerful, Cost Effective and Efficient Form
Factor Computer: A Review. Disponível em: http://www.ijarcsse.com/index.php/ijarcsse}},
  pages = {620--637},
  year = 2015,
  url = {<http://www.ijarcsse.com/index.php/ijarcsse>.},
  urldate = {2017-24-11}
}
@article{corcoran,
  author = {Corcoran, Peter},
  title = {{A Matter of Timing: Consumer electronics and network time}},
  pages = {20--25},
  year = 2013,
  urldate = {2017-24-11}
}

@article{Jeon,
  author = {Jeon, Ji-Youn},
  title = {{AGPS SYSTEM USING NTP SERVER AND METHOD FOR DETERMINING THE LOCATION OF A TERMINAL USING A NTP SERVER}},
  pages = {1--11},
  year = 2007
}